<?xml version="1.0" encoding="UTF-8"?><collection xmlns="http://www.loc.gov/MARC21/slim"><record><leader>00506nam--2200169-i-4500</leader><controlfield tag="001">000014058</controlfield><controlfield tag="002">20161230</controlfield><controlfield tag="005">20161230201030</controlfield><controlfield tag="008">060222s1000------------r-----000-0-eng-d</controlfield><datafield ind1=" " ind2=" " tag="040"><subfield code="a">IFIN-HH</subfield></datafield><datafield ind1=" " ind2=" " tag="080"><subfield code="a">519.217:519.857.3(043)</subfield></datafield><datafield ind1="1" ind2=" " tag="100"><subfield code="a">Alm,Sven Erick</subfield></datafield><datafield ind1="1" ind2="0" tag="245"><subfield code="a">On the rate of convergence in diffusion approximation of jump markov processes. these</subfield><subfield code="c">Sven Erick Alm</subfield></datafield><datafield ind1=" " ind2=" " tag="260"><subfield code="a">Uppsala, Department Of Mathematics, 1978</subfield></datafield><datafield ind1=" " ind2=" " tag="300"><subfield code="a">59 P</subfield></datafield><datafield ind1=" " ind2=" " tag="852"><subfield code="a">49764</subfield><subfield code="c">519.2</subfield></datafield><datafield ind1=" " ind2=" " tag="CAT"><subfield code="a">Sys</subfield><subfield code="c">20100608</subfield><subfield code="h">111719</subfield></datafield></record></collection>